<record><leader>00000cas a22000007a 4500</leader><controlfield tag="001">17288298</controlfield><controlfield tag="008">871229d188219uuiauwr ne      0    0eng d</controlfield><datafield ind1=" " ind2=" " tag="010"><subfield code="a">sn 87058564 </subfield></datafield><datafield ind1=" " ind2=" " tag="040"><subfield code="a">INP</subfield><subfield code="b">eng</subfield><subfield code="c">INP</subfield><subfield code="d">OCLCQ</subfield></datafield><datafield ind1=" " ind2=" " tag="042"><subfield code="a">msc</subfield></datafield><datafield ind1="0" ind2="4" tag="245"><subfield code="a">The Peterson patriot.</subfield></datafield><datafield ind1=" " ind2=" " tag="260"><subfield code="a">[Peterson, Iowa :</subfield><subfield code="b">Patriot Pub. Co.]</subfield></datafield><datafield ind1=" " ind2=" " tag="300"><subfield code="a">v.</subfield></datafield><datafield ind1=" " ind2=" " tag="310"><subfield code="a">Weekly</subfield></datafield><datafield ind1="1" ind2=" " tag="362"><subfield code="a">Began Apr. 19, 1882.</subfield></datafield><datafield ind1=" " ind2=" " tag="588"><subfield code="a">Description based on: Vol. 42, no. 4 (Apr. 17, 1924).</subfield></datafield><datafield ind1=" " ind2=" " tag="752"><subfield code="a">United States</subfield><subfield code="b">Iowa</subfield><subfield code="c">Clay</subfield><subfield code="d">Peterson.</subfield></datafield><datafield ind1="0" ind2="0" tag="785"><subfield code="t">Patriot (Peterson, Iowa)</subfield><subfield code="w">(DLC)sn 88059583</subfield></datafield></record>